@book{model:checking,
    author = {Baier, Christel and Katoen, Joost-Pieter},
    title = {Principles of Model Checking (Representation and Mind Series)},
    year = {2008},
    isbn = {026202649X, 9780262026499},
    publisher = {The MIT Press},
}
